<record><leader>00000cas a22000007a 4500</leader><controlfield tag="001">13988011</controlfield><controlfield tag="008">860730d18891899txuwr ne      0    0eng d</controlfield><datafield ind1=" " ind2=" " tag="010"><subfield code="a">sn 86088333 </subfield></datafield><datafield ind1=" " ind2=" " tag="040"><subfield code="a">PPM</subfield><subfield code="b">eng</subfield><subfield code="c">PPM</subfield><subfield code="d">DLC</subfield><subfield code="d">NVK</subfield><subfield code="d">OCLCQ</subfield></datafield><datafield ind1=" " ind2=" " tag="042"><subfield code="a">msc</subfield></datafield><datafield ind1="0" ind2=" " tag="130"><subfield code="a">Beaumont journal (Beaumont, Tex. : 1889)</subfield></datafield><datafield ind1="1" ind2="0" tag="245"><subfield code="a">Beaumont journal.</subfield></datafield><datafield ind1=" " ind2=" " tag="260"><subfield code="a">Beaumont, Tex. :</subfield><subfield code="b">J.J. Simmons</subfield></datafield><datafield ind1=" " ind2=" " tag="310"><subfield code="a">Weekly</subfield></datafield><datafield ind1="1" ind2=" " tag="362"><subfield code="a">Began in 1889? Ceased in 1899?</subfield></datafield><datafield ind1=" " ind2=" " tag="588"><subfield code="a">Description based on: Vol. 1, no. 16 (Jun. 18, 1889).</subfield></datafield><datafield ind1=" " ind2=" " tag="752"><subfield code="a">United States</subfield><subfield code="b">Texas</subfield><subfield code="c">Jefferson</subfield><subfield code="d">Beaumont.</subfield></datafield><datafield ind1="0" ind2=" " tag="775"><subfield code="t">Daily afternoon journal</subfield><subfield code="w">(DLC)sn 88084296</subfield></datafield><datafield ind1="0" ind2="0" tag="785"><subfield code="t">Semi-weekly journal (Beaumont, Tex.)</subfield><subfield code="w">(DLC)sn 88084295</subfield></datafield></record>